
%\Literatur 01_Introduction
@misc{statistanceStartseite,
  author = {Statistance GmbH},
  title = {{Login}},
  howpublished = "\url{http://app.statistance.de/Statistance/web/\#/login}",
  year = {2019}, 
  note = "[Online; Zugriff 29-Januar-2020]"
}
@misc{statistanceWareneingang,
  author = {Statistance GmbH},
  title = {{Wareneingang}},
  howpublished = "\url{http://app.statistance.de/Statistance/web/\#/Group}",
  year = {2019}, 
  note = "[Online; Zugriff 29-Januar-2020]"
}
%\Literatur Organization
@book{amberg2011wertschopfungsorientierte,
  title={Wertsch{\"o}pfungsorientierte Wirtschaftsinformatik},
  author={Amberg, Michael and Bodendorf, Freimut and M{\"o}slein, Kathrin M},
  year={2011},
  publisher={Springer-Verlag}
}
@misc{balzert2000lehrbuch,
  title={Lehrbuch der Software--Technik: Software--Entwicklung. 2. Auflage. Spektrum},
  author={Balzert, Helmut},
  year={2000},
  publisher={Akademischer Verlag, Berlin, Heidelberg}
}
@misc{scrum,
  author = {Jens Wagener},
  title = {Agile Softwareentwicklung – Scrum},
  year={2015},
  howpublished = "\url{https://blogs.itemis.com/de/professional-scrum-product-owner}",
  note = "[Online; Zugriff 02-März-2020]"
}

%\Literatur 0x_Implementation_possibilities
@misc{skalierbarkeit,
  author = {Otto Geißler, Ulrike Ostler},
  title = {Was ist Skalierbarkeit?},
  year={2019},
  howpublished = "\url{https://www.datacenter-insider.de/was-ist-skalierbarkeit-a-852037}",
  note = "[Online; Zugriff 01-März-2020]"
}


%\software architecture

    %/API Design
    %\Literatur 01_Introduction
@misc{swagger,
  author = {SmartBear Software},
  title = {{Swagger UI}},
  howpublished = "\url{https://swagger.io/tools/swagger-ui/}",
  year = {2020}, 
  note = "[Online; Zugriff 02-März-2020]"
}
@misc{springboot,
    author={Pivotal Software},
    title={Building REST services with Spring},
    howpublished="\url{https://spring.io/guides/tutorials/rest/}",
    year={2020},
    note="[Online; Zugriff 03-März-2020]"
}
@misc{springbaeldung,
    author={Attila Fejer},
    title={Using Spring ResponseEntity to Manipulate the HTTP Response},
    howpublished="\url{https://www.baeldung.com/spring-response-entity}",
    year={2020},
    note="[Online; Zugriff 03-März-2020]"
}
@misc{springtutorialspoint,
    author={Tutorialspoint},
    title={Spring Boot - Service Components},
    howpublished="\url{https://www.tutorialspoint.com/spring_boot/spring_boot_service_components.htm}",
    year={2020},
    note="[Online; Zugriff 03-März-2020]"
}

@misc{consul,
    author={HashiCorp},
    title={Modern Service Networking for Cloud and Microservices | Whitepaper},
    year={n.d},
}

@misc{sageadministrationshandbuch,
    author={Sage},
    title={Sage Applikationsserver Administrationshandbuch},
    year={2017},
}

% Requirement Analysis
@misc{sdatadocu,
  title = {SData Protocol Documentation},
  howpublished = {\url{http://sage.github.io/SData-2.0/pages/core/0100/}},
  note = {Letzter Zugriff am \today}
}

@misc{sdatadocu_auth,
  title = {SData Protocol Authentication},
  howpublished = {\url{http://sage.github.io/SData-2.0/pages/core/0500/}},
  note = {Letzter Zugriff am \today}
}

@misc{atomfeed,
  title = {Atom Feed Specification},
  howpublished = {\url{https://tools.ietf.org/html/rfc4287}},
  note = {Letzter Zugriff am \today}
}

@misc{sdata_requests,
  title = {SData Requests},
  howpublished = {\url{https://help.sagecrm.com/on_premise/en/2019R2/dev/Content/Resources/Images/Developer/SDataRequestsv2RGB.jpg}},
  note = {Letzter Zugriff am \today}
}

@misc{owasp_authentication,
  title = {OWASP Authentication Cheat Sheet},
  howpublished = {\url{https://cheatsheetseries.owasp.org/cheatsheets/Authentication_Cheat_Sheet.html}},
  note = {Letzter Zugriff am \today}
}
%% OData Domain Models
@misc{nav_employee,
  title = {Dynamics Nav Employee},
  howpublished = {\url{https://docs.microsoft.com/en-us/dynamics-nav/api-reference/v1.0/resources/dynamics\_employee}},
  note = {Letzter Zugriff am \today}
}

@misc{nav_vendor,
  title = {Dynamics Nav Vendor},
  howpublished = {\url{https://docs.microsoft.com/en-us/dynamics-nav/api-reference/v1.0/resources/dynamics\_vendor}},
  note = {Letzter Zugriff am \today}
}

@misc{nav_item,
  title = {Dynamics Nav Item},
  howpublished = {\url{https://docs.microsoft.com/en-us/dynamics-nav/api-reference/v1.0/resources/dynamics\_item}},
  note = {Letzter Zugriff am \today}
}

@misc{nav_invoice,
  title = {Dynamics Nav PurchaseInvoice},
  howpublished = {\url{https://docs.microsoft.com/en-us/dynamics-nav/api-reference/v1.0/resources/dynamics\_purchaseinvoice}},
  note = {Letzter Zugriff am \today}
}

@misc{nav_invoiceline,
  title = {Dynamics Nav PurchaseInvoiceLine},
  howpublished = {\url{https://docs.microsoft.com/en-us/dynamics-nav/api-reference/v1.0/resources/dynamics\_purchaseinvoiceline}},
  note = {Letzter Zugriff am \today}
}

@misc{nav_timeregistrationentry,
  title = {Dynamics Nav TimeRegistrationEntry},
  howpublished = {\url{https://docs.microsoft.com/en-us/dynamics-nav/api-reference/v1.0/resources/dynamics\_timeregistrationentry}},
  note = {Letzter Zugriff am \today}
}

% Tech Stack
@misc{loopback4,
  title = {Loopback 4 Diagramm},
  howpublished = {\url{https://loopback.io/pages/en/lb4/imgs/lb4-high-level.png}},
  note = {Letzter Zugriff am \today}
}

@misc{springruntime,
  title = {Spring Framework Runtime},
  howpublished = {\url{https://docs.spring.io/spring/docs/4.2.x/spring-framework-reference/html/images/spring-overview.png.pagespeed.ce.XVe1noRCMt.png}},
  note = {Letzter Zugriff am \today}
}

% Programming language
%% Package/Dependency Repository Stats
@misc{csharp_packages,
  title = {C\# NuGet},
  howpublished = {\url{https://www.nuget.org/}},
  note = {Letzter Zugriff am \today}
}

@misc{java_packages,
  title = {Java Maven},
  howpublished = {\url{https://search.maven.org/stats}},
  note = {Letzter Zugriff am \today}
}

@misc{php_packages,
  title = {PHP Packagist},
  howpublished = {\url{https://packagist.org/statistics}},
  note = {Letzter Zugriff am \today}
}

@misc{python_packages,
  title = {Python PyPi},
  howpublished = {\url{https://pypi.org/}},
  note = {Letzter Zugriff am \today}
}

@misc{js_packages,
  title = {JavaScript NPM.js},
  howpublished = {\url{https://www.npmjs.com}},
  note = {Letzter Zugriff am \today}
}
%% Community
@misc{stackoverflow_survey,
  title = {Stackoverflow Survey},
  howpublished = {\url{https://insights.stackoverflow.com/survey/2019\#technology-\_-programming-scripting-and-markup-languages}},
  note = {Letzter Zugriff am \today}
}

@misc{tiobe,
  title = {TIOBE},
  howpublished = {\url{https://www.tiobe.com/tiobe-index/}},
  note = {Letzter Zugriff am \today}
}

@misc{pypl,
  title = {PYPL},
  howpublished = {\url{http://pypl.github.io/PYPL.html}},
  note = {Letzter Zugriff am \today}
}

@misc{github_octoverse,
  title = {Github Octoverse},
  howpublished = {\url{https://octoverse.github.com/}},
  note = {Letzter Zugriff am \today}
}

@misc{redmonk,
  title = {RedMonk},
  howpublished = {\url{https://redmonk.com/sogrady/2019/07/18/language-rankings-6-19/}},
  note = {Letzter Zugriff am \today}
}
%% Web Benchmark
@misc{mihai_benchmark,
  title = {Web REST-API Benchmark on a Real Life Application},
  howpublished = {\url{https://medium.com/@mihaigeorge.c/web-rest-api-benchmark-on-a-real-life-application-ebb743a5d7a3}},
  note = {Letzter Zugriff am \today}
}

@misc{tandemseven_perf,
  title = {TandemSeven Performance Java vs. Node.js},
  howpublished = {\url{https://www.tandemseven.com/blog/performance-java-vs-node/}},
  note = {Letzter Zugriff am \today}
}

@misc{techempower_benchmark,
  title = {Techempower Benchmarks},
  howpublished = {\url{https://www.techempower.com/benchmarks/\#section=data-r18&hw=ph&test=fortune}},
  note = {Letzter Zugriff am \today}
}

@misc{benchmark_web,
  title = {Web Frameworks Benchmark},
  howpublished = {\url{https://github.com/the-benchmarker/web-frameworks}},
  note = {Letzter Zugriff am \today}
}

@misc{medium_awslambda,
  title = {Benchmarking AWS Lambda Runtimes in 2019 Part I},
  howpublished = {\url{https://medium.com/the-theam-journey/benchmarking-aws-lambda-runtimes-in-2019-part-i-b1ee459a293d}},
  note = {Letzter Zugriff am \today}
}

@misc{acloud_awslambda,
  title = {Comparing AWS Lambda Performance of Node.js, Python, Java, C und Go},
  howpublished = {\url{https://read.acloud.guru/comparing-aws-lambda-performance-of-node-js-python-java-c-and-go-29c1163c2581}},
  note = {Letzter Zugriff am \today}
}
%% CPU or IO Benchmarks
@misc{benchmark_game,
  title = {Benchmarks Game},
  howpublished = {\url{https://benchmarksgame-team.pages.debian.net/benchmarksgame/index.html}},
  note = {Letzter Zugriff am \today}
}

@misc{benchmark_kostya,
  title = {Kostya Benchmarks},
  howpublished = {\url{https://github.com/kostya/benchmarks}},
  note = {Letzter Zugriff am \today}
}

@misc{performance_io,
  title = {Server-Side IO Performance Node, PHP, Java and Go},
  howpublished = {\url{https://www.toptal.com/back-end/server-side-io-performance-node-php-java-go}},
  note = {Letzter Zugriff am \today}
}
%% Programming Paradigma and Typing
@misc{wiki_pl,
  title = {Comparison of Programming Languages},
  howpublished = {\url{https://en.wikipedia.org/wiki/Comparison_of_programming_languages}},
  note = {Letzter Zugriff am \today}
}

@misc{wiki_type,
  title = {Comparison of Programming Languages by Type System},
  howpublished = {\url{https://en.wikipedia.org/wiki/Comparison_of_programming_languages_by_type_system}},
  note = {Letzter Zugriff am \today}
}
%% Expressiveness
@misc{expressiveness,
  title = {Comparing Java and Python, Is Java 10x More Verbose Than Python?, LOC a Modest Empiric Approach},
  howpublished = {\url{https://codemonkeyism.com/comparing-java-and-python-is-java-10x-more-verbose-than-python-loc-a-modest-empiric-approach/}},
  note = {Letzter Zugriff am \today}
}
